@misc{few-nerd,
  doi = {10.48550/ARXIV.2105.07464},

  url = {https://arxiv.org/abs/2105.07464},

  author = {Ding, Ning and Xu, Guangwei and Chen, Yulin and Wang, Xiaobin and Han, Xu and Xie, Pengjun and Zheng, Hai-Tao and Liu, Zhiyuan},

  keywords = {Computation and Language (cs.CL), Artificial Intelligence (cs.AI), Machine Learning (cs.LG), FOS: Computer and information sciences, FOS: Computer and information sciences},

  title = {Few-NERD: A Few-Shot Named Entity Recognition Dataset},

  publisher = {arXiv},

  year = {2021},

  copyright = {arXiv.org perpetual, non-exclusive license}
}

@article{conll-2003,
  doi = {10.48550/ARXIV.CS/0306050},

  url = {https://arxiv.org/abs/cs/0306050},

  author = {Sang, Erik F. Tjong Kim and De Meulder, Fien},

  keywords = {Computation and Language (cs.CL), FOS: Computer and information sciences, FOS: Computer and information sciences, I.2.7},

  title = {Introduction to the CoNLL-2003 Shared Task: Language-Independent Named Entity Recognition},

  publisher = {arXiv},

  year = {2003},

  copyright = {Assumed arXiv.org perpetual, non-exclusive license to distribute this article for submissions made before January 2004}
}

@misc{ner-eval,
  doi = {10.48550/ARXIV.2011.06854},

  url = {https://arxiv.org/abs/2011.06854},

  author = {Fu, Jinlan and Liu, Pengfei and Neubig, Graham},

  keywords = {Computation and Language (cs.CL), FOS: Computer and information sciences, FOS: Computer and information sciences},

  title = {Interpretable Multi-dataset Evaluation for Named Entity Recognition},

  publisher = {arXiv},

  year = {2020},

  copyright = {Creative Commons Attribution 4.0 International}
}

@article{spacy,
	author = {Honnibal, Matthew and Montani, Ines and Van Landeghem, Sofie and Boyd, Adriane},
	doi = {10.5281/zenodo.1212303},
	title = {{spaCy: Industrial-strength Natural Language Processing in Python}},
	year = {2020}
}

@book{nltk,
	author = {Bird, Steven and Klein, Ewan and Loper, Edward},
	publisher = {O'Reilly Media, Inc.},
	titl	e = {{Natural Language Processing with Python: Analyzing Text with the Natural Language Toolkit}},
	year = {2009}
}

@misc {bloom,
	author       = { {BigScience Workshop} },
	title        = { BLOOM (Revision 4ab0472) },
	year         = 2022,
	url          = { https://huggingface.co/bigscience/bloom },
	doi          = { 10.57967/hf/0003 },
	publisher    = { Hugging Face }
}